@MASTERSTHESIS {sardinha2013,
    author  = "Alvaro Sardinha and Jorge Machado and Vasco Krus",
    title   = "Código de Gestão da Segurança",
    school  = "Escola Superior Náutica Infante D. Henrique",
    year    = "2013",
    address = "Lisboa",
    month   = "dec"
}
